<?xml version="1.0" encoding="UTF-8"?><collection xmlns="http://www.loc.gov/MARC21/slim"><record><leader>00564nam--2200205-i-4500</leader><controlfield tag="001">000020632</controlfield><controlfield tag="002">20161230</controlfield><controlfield tag="005">20161230201033</controlfield><controlfield tag="008">060222s1000------------r-----000-0-eng-d</controlfield><datafield ind1=" " ind2=" " tag="020"><subfield code="a">3540585737</subfield></datafield><datafield ind1=" " ind2=" " tag="040"><subfield code="a">IFIN-HH</subfield></datafield><datafield ind1=" " ind2=" " tag="080"><subfield code="a">539.2:538.9</subfield></datafield><datafield ind1="1" ind2=" " tag="100"><subfield code="a">Ibach, Harald</subfield></datafield><datafield ind1="1" ind2="0" tag="245"><subfield code="a">Solid-state physics</subfield><subfield code="b">An introduction to principles of materials science</subfield><subfield code="c">Harald ibach, hans luth</subfield></datafield><datafield ind1=" " ind2=" " tag="250"><subfield code="a">Second Edition</subfield></datafield><datafield ind1=" " ind2=" " tag="260"><subfield code="a">Berlin</subfield><subfield code="b">Springer-verlag</subfield><subfield code="c">1995</subfield></datafield><datafield ind1=" " ind2=" " tag="300"><subfield code="a">402 P</subfield></datafield><datafield ind1="1" ind2=" " tag="700"><subfield code="a">Luth, Hans</subfield></datafield><datafield ind1=" " ind2=" " tag="852"><subfield code="a">80516</subfield><subfield code="c">539.2</subfield></datafield><datafield ind1=" " ind2=" " tag="CAT"><subfield code="a">Sys</subfield><subfield code="c">20121204</subfield><subfield code="h">161059</subfield></datafield></record></collection>